<?xml version="1.0" encoding="UTF-8"?><collection xmlns="http://www.loc.gov/MARC21/slim"><record><leader>00422nam--2200133-i-4500</leader><controlfield tag="001">000012132</controlfield><controlfield tag="002">20161230</controlfield><controlfield tag="005">20161230201029</controlfield><controlfield tag="008">060222s1000------------r-----000-0-eng-d</controlfield><datafield ind1=" " ind2=" " tag="080"><subfield code="a">537.531:546.295(045)</subfield></datafield><datafield ind1=" " ind2=" " tag="100"><subfield code="a">Cauchois, Y. Et Hulubei, H</subfield></datafield><datafield ind1=" " ind2=" " tag="245"><subfield code="a">Emission  k  caracteristique d`elements a l`et at  gazeaux spectre  k  du xenon. emission on absorbtion</subfield></datafield><datafield ind1=" " ind2=" " tag="260"><subfield code="a">Paris, Gauthier-villars, 1933. 3 P</subfield></datafield><datafield ind1=" " ind2=" " tag="852"><subfield code="a">44664</subfield></datafield></record></collection>